@inbook{
	Levenshtein,
	author="Левенштейн, В. И.",
	title="Двоичные коды с исправлением выпадений, вставок и замещений символов",
	publisher="-- М.: Доклады АН СССР",
	volume=163,
	chapter=4,
	pages="845--848",
	language="russian",
	year=1965
}

@misc{cpp,
	title="Документация по Microsoft C++, C и ассемблеру [Электронный ресурс]",
	howpublished="Режим доступа: \url{https://docs.microsoft.com/ru-ru/cpp/} (дата обращения: 11.09.2021)"
}

@misc{GetProcessTimes,
	title="GetProcessTimes function (processthreadsapi.h) [Электронный ресурс]",
	howpublished="Режим доступа: \url{https://docs.microsoft.com/en-us/windows/win32/api/processthreadsapi/nf-processthreadsapi-getprocesstimes} (дата обращения: 12.09.2021)"
}

@misc{windows,
	title="Клиентские ресурсы и документация Windows для ИТ-специалистов [Электронный ресурс]",
	howpublished="Режим доступа: \url{https://docs.microsoft.com/ru-ru/windows/resources/} (дата обращения: 14.09.2021)"
}

@misc{sizet,
	title="size\_t [Электронный ресурс]",
	howpublished="Режим доступа: \url{https://en.cppreference.com/w/c/types/size_t} (дата обращения: 12.09.2021)"
}

@misc{intel,
	title="Процессор Intel® Core™ i5-4460 (6 МБ кэш-памяти, до 3,40 ГГц) [Электронный ресурс]",
	howpublished="Режим доступа: \url{https://www.intel.ru/content/www/ru/ru/products/sku/80817/intel-core-i54460-processor-6m-cache-up-to-3-40-ghz/specifications.html} (дата обращения: 14.09.2021)"
}