@misc{c,
	title="C (/ˈsiː/, as in the letter c) is a general-purpose, procedural computer programming language supporting structured programming, lexical variable scope, and recursion, with a static type system",
	howpublished="Режим доступа: \url{https://en.wikipedia.org/wiki/C_(programming_language)/}",
}
