@misc{golang,
	title="Go is an open source programming language that makes it easy to build simple, reliable, and efficient software.",
	howpublished="Режим доступа: \url{https://golang.org/}",
	note="Дата обращения: 10.12.2020"
}

@misc{debian,
	title="Debian -- универсальная операционная система [Электронный ресурс]",
	howpublished="Режим доступа: \url{https://www.debian.org/}",
	note="Дата обращения: 20.09.2020"
}

@misc{linux,
	title="Linux -- Getting Started [Электронный ресурс]",
	howpublished="Режим доступа: \url{https://linux.org}",
	note="Дата обращения: 20.09.2020"
}

@misc{time,
	title="Golang -- package time",
	howpublished="Режим доступа: \url{https://golang.org/pkg/time/}",
	note="Дата обращения: 10.12.2020"
}

@misc{i5,
	title="Процессор Intel® Core™ i5-3550 [Электронный ресурс]",
	howpublished="Режим доступа:  \url{https://ark.intel.com/content/www/ru/ru/ark/products/65516/intel-core-i5-3550-processor-6m-cache-up-to-3-70-ghz.html}",
	note="Дата обращения: 20.09.2020"
}

@book{
	goodman,
	author="Гудман С., Хидетниеми С.",
	title="Введение в разработку и анализ алгоритмов",
	publisher="Мир",
	year=1981,
	pages=368
}


@book{
	ulyanov,
	author="Ульянов М.В.",
	title="Ресурсно-эффективные компьютерные алгоритмы. Разработка и анализ",
	publisher="ФИЗМАТЛИТ",
	year=2007,
	pages=308
}


@inbook{
	rodgers,
	author="Д. Роджерс",
	title="Алгоритмические основы машинной графики",
	publisher="Москва 'Мир'",
	pages="",
	language="russian",
	year=1989
}

@misc{thread,
	title="Документация по <thread> [Электронный ресурс]",
	howpublished="Режим доступа: \url{https://docs.microsoft.com/ru-ru/cpp/standard-library/thread?view=msvc-160} (дата обращения: 16.10.2021)"
}

@misc{covid,
	title="API по числу заболевших коронавируом людей [Электронный ресурс]",
	howpublished="Режим доступа: \url{https://covid-19-tracking.p.rapidapi.com} (дата обращения: 17.12.2021)"
}

@misc{python,
	title="Документация по python [Электронный ресурс]",
	howpublished="Режим доступа: \url{https://docs.python.org/3/index.html} (дата обращения: 16.10.2021)"
}

@misc{json,
	title="Документация по json [Электронный ресурс]",
	howpublished="Режим доступа: \url{https://www.json.org/json-en.html} (дата обращения: 16.10.2021)"
}

@misc{matplotlib,
	title="Документация по json [Электронный ресурс]",
	howpublished="Режим доступа: \url{https://matplotlib.org} (дата обращения: 16.10.2021)"
}

@misc{clock,
	title="Документация по chrono [Электронный ресурс]",
	howpublished="Режим доступа: \url{https://www.cplusplus.com/reference/chrono/system_clock/now/} (дата обращения: 16.10.2021)"
}

@misc{valgrind,
	title="Документация по valgrind [Электронный ресурс]",
	howpublished="Режим доступа: \url{https://valgrind.org/docs/} (дата обращения: 16.10.2021)"
}

@misc{cpp,
	title="Документация по Microsoft C++, C и ассемблеру [Электронный ресурс]",
	howpublished="Режим доступа: \url{https://docs.microsoft.com/ru-ru/cpp/} (дата обращения: 11.09.2021)"
}

@misc{windows,
	title="Клиентские ресурсы и документация Windows для ИТ-специалистов [Электронный ресурс]",
	howpublished="Режим доступа: \url{https://docs.microsoft.com/ru-ru/windows/resources/} (дата обращения: 14.09.2021)"
}

@misc{intel,
	title="Процессор Intel® Core™ i5-4460 (6 МБ кэш-памяти, до 3,40 ГГц) [Электронный ресурс]",
	howpublished="Режим доступа: \url{https://www.intel.ru/content/www/ru/ru/products/sku/80817/intel-core-i54460-processor-6m-cache-up-to-3-40-ghz/specifications.html} (дата обращения: 14.09.2021)"
}